<?xml version="1.0" encoding="UTF-8"?><collection xmlns="http://www.loc.gov/MARC21/slim"><record><leader>00598nam--2200181-i-4500</leader><controlfield tag="001">000005781</controlfield><controlfield tag="002">20161230</controlfield><controlfield tag="005">20161230201026</controlfield><controlfield tag="008">060222s1000------------r-----000-0-eng-d</controlfield><datafield ind1=" " ind2=" " tag="040"><subfield code="a">IFIN-HH</subfield></datafield><datafield ind1=" " ind2=" " tag="080"><subfield code="a">536.27</subfield></datafield><datafield ind1="1" ind2=" " tag="100"><subfield code="a">Eckert, E.R.G</subfield></datafield><datafield ind1="1" ind2="0" tag="245"><subfield code="a">Progress in heat and mass transfer</subfield><subfield code="b">Vol. 3 heat transfer reviews 1953-1969</subfield><subfield code="c">E.r.g. eckert; thomas f. irvine, jr. (eds.)</subfield></datafield><datafield ind1=" " ind2=" " tag="260"><subfield code="a">Oxford</subfield><subfield code="b">Pergamon Press</subfield><subfield code="c">1971</subfield></datafield><datafield ind1=" " ind2=" " tag="490"><subfield code="a">Monograph Siries Of The International Journal Of Heat And Mass Transfer</subfield></datafield><datafield ind1="1" ind2=" " tag="700"><subfield code="a">Irvine, Thomas F., Jr</subfield></datafield><datafield ind1=" " ind2=" " tag="852"><subfield code="a">31314</subfield><subfield code="c">536</subfield></datafield><datafield ind1=" " ind2=" " tag="CAT"><subfield code="a">Sys</subfield><subfield code="c">20110506</subfield><subfield code="h">132554</subfield></datafield></record></collection>